@misc{chatgpt,
  key          = {y},
  title        = {{OpenAI} {ChatGPT-3.5}},
  howpublished = {\url{https://chat.openai.com/}},
  note         = {Просмотрено: 10.11.2023}
}

@misc{claude,
  key          = {z},
  title        = {{Claude 2} {Anthropic}},
  howpublished = {\url{https://www.anthropic.com/index/claude-2}},
  note         = {Просмотрено: 10.11.2023}
}

@book{davies2013frequency,
  title     = {A frequency dictionary of contemporary American English: Word sketches, collocates and thematic lists},
  author    = {Davies, Mark and Gardner, Dee},
  year      = {2013},
  publisher = {Routledge}
}

@misc{declaration_eng,
  title  = {Universal declaration of human rights},
  author = {UNH},
  year   = {1961}
}

@misc{declaration_rus,
  title  = {Всеобщая декларация прав человека},
  author = {ООН},
  year   = {1961}
}

@misc{du2023quantifying,
  title         = {Quantifying and Attributing the Hallucination of Large Language Models via Association Analysis},
  author        = {Li Du and Yequan Wang and Xingrun Xing and Yiqun Ya and Xiang Li and Xin Jiang and Xuezhi Fang},
  year          = {2023},
  eprint        = {2309.05217},
  archiveprefix = {arXiv},
  primaryclass  = {cs.AI}
}
 
@misc{gigachat,
  key          = {x},
  title        = {{Сбер} {GigaChat}},
  howpublished = {\url{https://developers.sber.ru/portal/products/gigachat}},
  note         = {Просмотрено: 10.11.2023}
}


@misc{ruletaker,
  title         = {Transformers as Soft Reasoners over Language},
  author        = {Peter Clark and Oyvind Tafjord and Kyle Richardson},
  year          = {2020},
  eprint        = {2002.05867},
  archiveprefix = {arXiv},
  primaryclass  = {cs.CL}
}

@book{rus,
  title     = {Частотный словарь современного русского языка на материалах Национального корпуса русского языка},
  author    = {{Ляшевская О. Н., Шаров С. А}},
  year      = {2009},
  publisher = {Общество с ограниченной ответственностью" Издательский центр" Азбуковник"}
}

% Ольга Николаевна Ляшевская and Сергей Александрович Шаров